@article{fedml,
  title={Fedml: A research library and benchmark for federated machine learning},
  author={He, Chaoyang and Li, Songze and So, Jinhyun and Zhang, Mi and Wang, Hongyi and Wang, Xiaoyang and Vepakomma, Praneeth and Singh, Abhishek and Qiu, Hang and Shen, Li and others},
  journal={arXiv preprint arXiv:2007.13518},
  year={2020}
}

@inproceedings{bellet,
  title={Personalized and private peer-to-peer machine learning},
  author={Bellet, Aur{\'e}lien and Guerraoui, Rachid and Taziki, Mahsa and Tommasi, Marc},
  booktitle={International Conference on Artificial Intelligence and Statistics},
  pages={473--481},
  year={2018},
  organization={PMLR}
}

@article{flbook,
  title={Federated learning},
  author={Yang, Qiang and Liu, Yang and Cheng, Yong and Kang, Yan and Chen, Tianjian and Yu, Han},
  journal={Synthesis Lectures on Artificial Intelligence and Machine Learning},
  volume={13},
  number={3},
  pages={1--207},
  year={2019},
  publisher={Morgan \& Claypool Publishers}
}

@article{hope,
  title={There is hope after all: Quantifying opinion and trustworthiness in neural networks},
  author={Cheng, Mingxi and Nazarian, Shahin and Bogdan, Paul},
  journal={Frontiers in Artificial Intelligence},
  volume={3},
  pages={54},
  year={2020},
  publisher={Frontiers}
}

@book{sl,
  title={Subjective logic},
  author={J{\o}sang, Audun},
  year={2016},
  publisher={Springer}
}

@book{khinchin,
  title={Mathematical foundations of information theory},
  author={Khinchin, A Ya},
  year={2013},
  publisher={Courier Corporation}
}

@article{baseline,
  title={A baseline for detecting misclassified and out-of-distribution examples in neural networks},
  author={Hendrycks, Dan and Gimpel, Kevin},
  journal={arXiv preprint arXiv:1610.02136},
  year={2016}
}

@book{deeplearning,
  title={Deep learning},
  author={Goodfellow, Ian and Bengio, Yoshua and Courville, Aaron},
  year={2016},
  publisher={MIT press}
}

@inproceedings{confidence,
  title={Confidence-aware learning for deep neural networks},
  author={Moon, Jooyoung and Kim, Jihyo and Shin, Younghak and Hwang, Sangheum},
  booktitle={international conference on machine learning},
  pages={7034--7044},
  year={2020},
  organization={PMLR}
}

@article{gossip,
  title={Decentralized federated learning: A segmented gossip approach},
  author={Hu, Chenghao and Jiang, Jingyan and Wang, Zhi},
  journal={arXiv preprint arXiv:1908.07782},
  year={2019}
}

@article{leasgd,
  title={Leasgd: an efficient and privacy-preserving decentralized algorithm for distributed learning},
  author={Cheng, Hsin-Pai and Yu, Patrick and Hu, Haojing and Yan, Feng and Li, Shiyu and Li, Hai and Chen, Yiran},
  journal={arXiv preprint arXiv:1811.11124},
  year={2018}
}

@article{reputation1,
  title={A novel reputation computation model based on subjective logic for mobile ad hoc networks},
  author={Liu, Yining and Li, Keqiu and Jin, Yingwei and Zhang, Yong and Qu, Wenyu},
  journal={Future Generation Computer Systems},
  volume={27},
  number={5},
  pages={547--554},
  year={2011},
  publisher={Elsevier}
}

@article{reputation2,
  title={Incentive mechanism for reliable federated learning: A joint optimization approach to combining reputation and contract theory},
  author={Kang, Jiawen and Xiong, Zehui and Niyato, Dusit and Xie, Shengli and Zhang, Junshan},
  journal={IEEE Internet of Things Journal},
  volume={6},
  number={6},
  pages={10700--10714},
  year={2019},
  publisher={IEEE}
}

@article{shannon,
  title={A mathematical theory of communication},
  author={Shannon, Claude Elwood},
  journal={The Bell system technical journal},
  volume={27},
  number={3},
  pages={379--423},
  year={1948},
  publisher={Nokia Bell Labs}
}

@article{shuffle,
  title={Differential Privacy in the Shuffle Model: A Survey of Separations},
  author={Cheu, Albert},
  year={2020}
}

@article{dgc,
  title={Deep gradient compression: Reducing the communication bandwidth for distributed training},
  author={Lin, Yujun and Han, Song and Mao, Huizi and Wang, Yu and Dally, William J},
  journal={arXiv preprint arXiv:1712.01887},
  year={2017}
}

@article{cyffer,
  title={Privacy Amplification by Decentralization},
  author={Cyffers, Edwige and Bellet, Aur{\'e}lien},
  journal={arXiv preprint arXiv:2012.05326},
  year={2020}
}

@inproceedings{fedavg,
  title={Communication-efficient learning of deep networks from decentralized data},
  author={McMahan, Brendan and Moore, Eider and Ramage, Daniel and Hampson, Seth and y Arcas, Blaise Aguera},
  booktitle={Artificial Intelligence and Statistics},
  pages={1273--1282},
  year={2017},
  organization={PMLR}
}

@inproceedings{cmfl,
  title={Cmfl: Mitigating communication overhead for federated learning},
  author={Luping, WANG and Wei, WANG and Bo, LI},
  booktitle={2019 IEEE 39th International Conference on Distributed Computing Systems (ICDCS)},
  pages={954--964},
  year={2019},
  organization={IEEE}
}

@article{smc,
  title={Secure multi-party computation: theory, practice and applications},
  author={Zhao, Chuan and Zhao, Shengnan and Zhao, Minghao and Chen, Zhenxiang and Gao, Chong-Zhi and Li, Hongwei and Tan, Yu-an},
  journal={Information Sciences},
  volume={476},
  pages={357--372},
  year={2019},
  publisher={Elsevier}
}

@article{dp,
  title={Federated learning with differential privacy: Algorithms and performance analysis},
  author={Wei, Kang and Li, Jun and Ding, Ming and Ma, Chuan and Yang, Howard H and Farokhi, Farhad and Jin, Shi and Quek, Tony QS and Poor, H Vincent},
  journal={IEEE Transactions on Information Forensics and Security},
  year={2020},
  publisher={IEEE}
}

@article{leaf,
  title={Leaf: A benchmark for federated settings},
  author={Caldas, Sebastian and Wu, Peter and Li, Tian and Kone{\v{c}}n{\`y}, Jakub and McMahan, H Brendan and Smith, Virginia and Talwalkar, Ameet},
  journal={arXiv preprint arXiv:1812.01097},
  year={2019}
}

@inproceedings{koloskova,
  title={Decentralized stochastic optimization and gossip algorithms with compressed communication},
  author={Koloskova, Anastasia and Stich, Sebastian and Jaggi, Martin},
  booktitle={International Conference on Machine Learning},
  pages={3478--3487},
  year={2019},
  organization={PMLR}
}

@inproceedings{vanha,
  title={Decentralized collaborative learning of personalized models over networks},
  author={Vanhaesebrouck, Paul and Bellet, Aur{\'e}lien and Tommasi, Marc},
  booktitle={Artificial Intelligence and Statistics},
  pages={509--517},
  year={2017},
  organization={PMLR}
}

@article{ewc,
  title={Overcoming catastrophic forgetting in neural networks},
  author={Kirkpatrick, James and Pascanu, Razvan and Rabinowitz, Neil and Veness, Joel and Desjardins, Guillaume and Rusu, Andrei A and Milan, Kieran and Quan, John and Ramalho, Tiago and Grabska-Barwinska, Agnieszka and others},
  journal={Proceedings of the national academy of sciences},
  volume={114},
  number={13},
  pages={3521--3526},
  year={2017},
  publisher={National Acad Sciences}
}

@inproceedings{zante,
  title={Fully decentralized joint learning of personalized models and collaboration graphs},
  author={Zantedeschi, Valentina and Bellet, Aur{\'e}lien and Tommasi, Marc},
  booktitle={International Conference on Artificial Intelligence and Statistics},
  pages={864--874},
  year={2020},
  organization={PMLR}
}

@article{shrid,
  title={A comprehensive guide to bayesian convolutional neural network with variational inference},
  author={Shridhar, Kumar and Laumann, Felix and Liwicki, Marcus},
  journal={arXiv preprint arXiv:1901.02731},
  year={2019}
}

@article{fedcurv,
  title={Overcoming Forgetting in Federated Learning on Non-IID Data},
  author={Shoham, Neta and Avidor, Tomer and Keren, Aviv and Israel, Nadav and Benditkis, Daniel and Mor-Yosef, Liron and Zeitak, Itai},
  journal={arXiv preprint arXiv:1910.07796},
  year={2019}
}

@article{adam,
  title={Adam: A method for stochastic optimization},
  author={Kingma, Diederik P and Ba, Jimmy},
  journal={arXiv preprint arXiv:1412.6980},
  year={2014}
}

@article{amsgrad,
  title={On the convergence of adam and beyond},
  author={Reddi, Sashank J and Kale, Satyen and Kumar, Sanjiv},
  journal={arXiv preprint arXiv:1904.09237},
  year={2019}
}

@article{adamw,
  title={Fixing weight decay regularization in adam},
  author={Loshchilov, Ilya and Hutter, Frank},
  year={2018}
}

@article{qhadam,
  title={Quasi-hyperbolic momentum and adam for deep learning},
  author={Ma, Jerry and Yarats, Denis},
  journal={arXiv preprint arXiv:1810.06801},
  year={2018}
}

@article{yellowfin,
  title={Yellowfin and the art of momentum tuning},
  author={Zhang, Jian and Mitliagkas, Ioannis},
  journal={arXiv preprint arXiv:1706.03471},
  year={2017}
}

@article{sgdm,
  title={On the momentum term in gradient descent learning algorithms},
  author={Qian, Ning},
  journal={Neural networks},
  volume={12},
  number={1},
  pages={145--151},
  year={1999},
  publisher={Elsevier}
}

@article{demon,
  title={Demon: Momentum Decay for Improved Neural Network Training},
  author={Chen, John and Wolfe, Cameron and Li, Zhao and Kyrillidis, Anastasios},
  journal={arXiv preprint arXiv:1910.04952},
  year={2019}
}

@inproceedings{fedcs,
  title={Client selection for federated learning with heterogeneous resources in mobile edge},
  author={Nishio, Takayuki and Yonetani, Ryo},
  booktitle={ICC 2019-2019 IEEE International Conference on Communications (ICC)},
  pages={1--7},
  year={2019},
  organization={IEEE}
}

@article{fl,
  title={Federated learning: Challenges, methods, and future directions},
  author={Li, Tian and Sahu, Anit Kumar and Talwalkar, Ameet and Smith, Virginia},
  journal={IEEE Signal Processing Magazine},
  volume={37},
  number={3},
  pages={50--60},
  year={2020},
  publisher={IEEE}
}

@inproceedings{fl2,
  title={Communication-efficient learning of deep networks from decentralized data},
  author={McMahan, Brendan and Moore, Eider and Ramage, Daniel and Hampson, Seth and y Arcas, Blaise Aguera},
  booktitle={Artificial Intelligence and Statistics},
  pages={1273--1282},
  year={2017},
  organization={PMLR}
}

@article{fml,
  title={Federated machine learning: Concept and applications},
  author={Yang, Qiang and Liu, Yang and Chen, Tianjian and Tong, Yongxin},
  journal={ACM Transactions on Intelligent Systems and Technology (TIST)},
  volume={10},
  number={2},
  pages={1--19},
  year={2019},
  publisher={ACM New York, NY, USA}
}

@article{fedprox,
  title={Federated optimization in heterogeneous networks},
  author={Li, Tian and Sahu, Anit Kumar and Zaheer, Manzil and Sanjabi, Maziar and Talwalkar, Ameet and Smith, Virginia},
  journal={arXiv preprint arXiv:1812.06127},
  year={2018}
}

@article{adafed,
  title={Adaptive Federated Optimization},
  author={Reddi, Sashank and Charles, Zachary and Zaheer, Manzil and Garrett, Zachary and Rush, Keith and Kone{\v{c}}n{\`y}, Jakub and Kumar, Sanjiv and McMahan, H Brendan},
  journal={arXiv preprint arXiv:2003.00295},
  year={2020}
}

@inproceedings{effdec,
  title={Efficient decentralized deep learning by dynamic model averaging},
  author={Kamp, Michael and Adilova, Linara and Sicking, Joachim and H{\"u}ger, Fabian and Schlicht, Peter and Wirtz, Tim and Wrobel, Stefan},
  booktitle={Joint European Conference on Machine Learning and Knowledge Discovery in Databases},
  pages={393--409},
  year={2018},
  organization={Springer}
}

@article{split,
  title={Detailed comparison of communication efficiency of split learning and federated learning},
  author={Singh, Abhishek and Vepakomma, Praneeth and Gupta, Otkrist and Raskar, Ramesh},
  journal={arXiv preprint arXiv:1909.09145},
  year={2019}
}

@article{split2,
  title={Split learning for health: Distributed deep learning without sharing raw patient data},
  author={Vepakomma, Praneeth and Gupta, Otkrist and Swedish, Tristan and Raskar, Ramesh},
  journal={arXiv preprint arXiv:1812.00564},
  year={2018}
}

@article{split3,
  title={Distributed learning of deep neural network over multiple agents},
  author={Gupta, Otkrist and Raskar, Ramesh},
  journal={Journal of Network and Computer Applications},
  volume={116},
  pages={1--8},
  year={2018},
  publisher={Elsevier}
}

@article{ftl,
  title={Secure federated transfer learning},
  author={Liu, Yang and Chen, Tianjian and Yang, Qiang},
  journal={arXiv preprint arXiv:1812.03337},
  year={2018}
}

@article{nico,
  title={Towards Non-IID Image Classification: A Dataset and Baselines},
  author={He, Yue and Shen, Zheyan and Cui, Peng},
  journal={Pattern Recognition},
  pages={107383},
  year={2020},
  publisher={Elsevier}
}

@inproceedings{multi1,
  title={Multi-source fusion operations in subjective logic},
  author={Van Der Heijden, Rens W and Kopp, Henning and Kargl, Frank},
  booktitle={2018 21st International Conference on Information Fusion (FUSION)},
  pages={1990--1997},
  year={2018},
  organization={IEEE}
}

@article{multiplication,
  title={Multiplication and comultiplication of beliefs},
  author={J{\o}sang, Audun and McAnally, David},
  journal={International Journal of Approximate Reasoning},
  volume={38},
  number={1},
  pages={19--51},
  year={2005},
  publisher={Elsevier}
}

@inproceedings{multi2,
  title={Multi-source fusion in subjective logic},
  author={Wang, Dongxia and Zhang, Jie and others},
  booktitle={2017 20th International Conference on Information Fusion (Fusion)},
  pages={1--8},
  year={2017},
  organization={IEEE}
}

@article{yogi,
  title={Global convergence of adaptive gradient methods for an over-parameterized neural network},
  author={Wu, Xiaoxia and Du, Simon S and Ward, Rachel},
  journal={arXiv preprint arXiv:1902.07111},
  year={2019}
}

@article{cold_start,
  title={A collaborative filtering approach to mitigate the new user cold start problem},
  author={Bobadilla, Jes{\'u}S and Ortega, Fernando and Hernando, Antonio and Bernal, Jes{\'u}S},
  journal={Knowledge-based systems},
  volume={26},
  pages={225--238},
  year={2012},
  publisher={Elsevier}
}

@article{adv,
  title={Advances and open problems in federated learning},
  author={Kairouz, Peter and McMahan, H Brendan and Avent, Brendan and Bellet, Aur{\'e}lien and Bennis, Mehdi and Bhagoji, Arjun Nitin and Bonawitz, Keith and Charles, Zachary and Cormode, Graham and Cummings, Rachel and others},
  journal={arXiv preprint arXiv:1912.04977},
  year={2019}
}

@article{mcadv,
  title={Advances and open problems in federated learning},
  author={McMahan, H Brendan and others},
  journal={Foundations and Trends{\textregistered} in Machine Learning},
  volume={14},
  number={1},
  year={2021},
  publisher={Now Publishers, Inc.}
}

@article{ldp,
  title={LDP-FL: Practical Private Aggregation in Federated Learning with Local Differential Privacy},
  author={Sun, Lichao and Qian, Jianwei and Chen, Xun and Yu, Philip S},
  journal={arXiv preprint arXiv:2007.15789},
  year={2020}
}

@article{scale,
  title={Towards federated learning at scale: System design},
  author={Bonawitz, Keith and Eichner, Hubert and Grieskamp, Wolfgang and Huba, Dzmitry and Ingerman, Alex and Ivanov, Vladimir and Kiddon, Chloe and Kone{\v{c}}n{\`y}, Jakub and Mazzocchi, Stefano and McMahan, H Brendan and others},
  journal={arXiv preprint arXiv:1902.01046},
  year={2019}
}

@inproceedings{decentralized,
  title={Can decentralized algorithms outperform centralized algorithms? a case study for decentralized parallel stochastic gradient descent},
  author={Lian, Xiangru and Zhang, Ce and Zhang, Huan and Hsieh, Cho-Jui and Zhang, Wei and Liu, Ji},
  booktitle={Advances in Neural Information Processing Systems},
  pages={5330--5340},
  year={2017}
}

@inproceedings{meta,
  title={Adaptive gradient-based meta-learning methods},
  author={Khodak, Mikhail and Balcan, Maria-Florina F and Talwalkar, Ameet S},
  booktitle={Advances in Neural Information Processing Systems},
  pages={5917--5928},
  year={2019}
}

@article{gbml,
  title={Model-agnostic meta-learning for fast adaptation of deep networks},
  author={Finn, Chelsea and Abbeel, Pieter and Levine, Sergey},
  journal={arXiv preprint arXiv:1703.03400},
  year={2017}
}

@article{wong1,
  title={How Much Can We Really Trust You? Towards Simple, Interpretable Trust Quantification Metrics for Deep Neural Networks},
  author={Wong, Alexander and Wang, Xiao Yu and Hryniowski, Andrew},
  journal={arXiv preprint arXiv:2009.05835},
  year={2020}
}

@article{wong2,
  title={Insights into Fairness through Trust: Multi-scale Trust Quantification for Financial Deep Learning},
  author={Wong, Alexander and Hryniowski, Andrew and Wang, Xiao Yu},
  journal={arXiv preprint arXiv:2011.01961},
  year={2020}
}

@article{break,
  title={Where Does Trust Break Down? A Quantitative Trust Analysis of Deep Neural Networks via Trust Matrix and Conditional Trust Densities},
  author={Hryniowski, Andrew and Wang, Xiao Yu and Wong, Alexander},
  journal={arXiv preprint arXiv:2009.14701},
  year={2020}
}

@article{fair,
  title={Fair resource allocation in federated learning},
  author={Li, Tian and Sanjabi, Maziar and Beirami, Ahmad and Smith, Virginia},
  journal={arXiv preprint arXiv:1905.10497},
  year={2019}
}

@article{metadp,
  title={Differentially private meta-learning},
  author={Li, Jeffrey and Khodak, Mikhail and Caldas, Sebastian and Talwalkar, Ameet},
  journal={arXiv preprint arXiv:1909.05830},
  year={2019}
}

@article{cose,
  title={Optimization-based k-anonymity algorithms},
  author={Liang, Yuting and Samavi, Reza},
  journal={Computers \& Security},
  volume={93},
  pages={101753},
  year={2020},
  publisher={Elsevier}
}

@inproceedings{clara,
  title={CLARA: Confidence of Labels and Raters},
  author={Nguyen, Viet-An and Shi, Peibei and Ramakrishnan, Jagdish and Weinsberg, Udi and Lin, Henry C and Metz, Steve and Chandra, Neil and Jing, Jane and Kalimeris, Dimitris},
  booktitle={Proceedings of the 26th ACM SIGKDD International Conference on Knowledge Discovery \& Data Mining},
  pages={2542--2552},
  year={2020}
}

@article{susy,
  title={Searching for exotic particles in high-energy physics with deep learning},
  author={Baldi, Pierre and Sadowski, Peter and Whiteson, Daniel},
  journal={Nature communications},
  volume={5},
  number={1},
  pages={1--9},
  year={2014},
  publisher={Nature Publishing Group}
}

@article{kdd,
  title={The UCI KDD archive of large data sets for data mining research and experimentation},
  author={Bay, Stephen D and Kibler, Dennis and Pazzani, Michael J and Smyth, Padhraic},
  journal={ACM SIGKDD explorations newsletter},
  volume={2},
  number={2},
  pages={81--85},
  year={2000},
  publisher={ACM New York, NY, USA}
}

@article{uncer1,
  title={What uncertainties do we need in bayesian deep learning for computer vision?},
  author={Kendall, Alex and Gal, Yarin},
  journal={arXiv preprint arXiv:1703.04977},
  year={2017}
}

@article{uncer2,
  title={Evidential deep learning to quantify classification uncertainty},
  author={Sensoy, Murat and Kaplan, Lance and Kandemir, Melih},
  journal={arXiv preprint arXiv:1806.01768},
  year={2018}
}

@article{uncer3,
  title={Information Aware max-norm Dirichlet networks for predictive uncertainty estimation},
  author={Tsiligkaridis, Theodoros},
  journal={Neural Networks},
  volume={135},
  pages={105--114},
  year={2021},
  publisher={Elsevier}
}

@article{uncer-rev,
  title={A survey of uncertainty in deep neural networks},
  author={Gawlikowski, Jakob and Tassi, Cedrique Rovile Njieutcheu and Ali, Mohsin and Lee, Jongseok and Humt, Matthias and Feng, Jianxiang and Kruspe, Anna and Triebel, Rudolph and Jung, Peter and Roscher, Ribana and others},
  journal={arXiv preprint arXiv:2107.03342},
  year={2021}
}

@inproceedings{uncer4,
  title={Uncertainty estimation using a single deep deterministic neural network},
  author={Van Amersfoort, Joost and Smith, Lewis and Teh, Yee Whye and Gal, Yarin},
  booktitle={International Conference on Machine Learning},
  pages={9690--9700},
  year={2020},
  organization={PMLR}
}

@article{uncer5,
  title={Uncertainty levels of second-order probability},
  author={Sundgren, David and Karlsson, Alexander},
  journal={Polibits},
  number={48},
  pages={5--11},
  year={2013},
  publisher={Instituto Polit{\'e}cnico Nacional, Centro de Innovaci{\'o}n y Desarrollo~…}
}

@inproceedings{calib1,
  title={On calibration of modern neural networks},
  author={Guo, Chuan and Pleiss, Geoff and Sun, Yu and Weinberger, Kilian Q},
  booktitle={International Conference on Machine Learning},
  pages={1321--1330},
  year={2017},
  organization={PMLR}
}

@article{uncer-var,
  title={Single-model uncertainties for deep learning},
  author={Tagasovska, Natasa and Lopez-Paz, David},
  journal={Advances in Neural Information Processing Systems},
  volume={32},
  pages={6417--6428},
  year={2019}
}

@inproceedings{focal,
  title={Focal loss for dense object detection},
  author={Lin, Tsung-Yi and Goyal, Priya and Girshick, Ross and He, Kaiming and Doll{\'a}r, Piotr},
  booktitle={Proceedings of the IEEE international conference on computer vision},
  pages={2980--2988},
  year={2017}
}

@incollection{uncertainty_cnn,
  title={Uncertainty driven multi-loss fully convolutional networks for histopathology},
  author={BenTaieb, A{\"\i}cha and Hamarneh, Ghassan},
  booktitle={Intravascular Imaging and Computer Assisted Stenting, and Large-Scale Annotation of Biomedical Data and Expert Label Synthesis},
  pages={155--163},
  year={2017},
  publisher={Springer}
}

@inproceedings{multiloss,
  title={Multi-loss weighting with coefficient of variations},
  author={Groenendijk, Rick and Karaoglu, Sezer and Gevers, Theo and Mensink, Thomas},
  booktitle={Proceedings of the IEEE/CVF Winter Conference on Applications of Computer Vision},
  pages={1469--1478},
  year={2021}
}

@inproceedings{multiloss2,
  title={Multi-task learning using uncertainty to weigh losses for scene geometry and semantics},
  author={Kendall, Alex and Gal, Yarin and Cipolla, Roberto},
  booktitle={Proceedings of the IEEE conference on computer vision and pattern recognition},
  pages={7482--7491},
  year={2018}
}

@inproceedings{uncer_double,
  title={Double-uncertainty weighted method for semi-supervised learning},
  author={Wang, Yixin and Zhang, Yao and Tian, Jiang and Zhong, Cheng and Shi, Zhongchao and Zhang, Yang and He, Zhiqiang},
  booktitle={International Conference on Medical Image Computing and Computer-Assisted Intervention},
  pages={542--551},
  year={2020},
  organization={Springer}
}

@inproceedings{dropout,
  title={Dropout as a bayesian approximation: Representing model uncertainty in deep learning},
  author={Gal, Yarin and Ghahramani, Zoubin},
  booktitle={international conference on machine learning},
  pages={1050--1059},
  year={2016},
  organization={PMLR}
}

@article{reput_uncer,
  title={Flow-based reputation with uncertainty: evidence-based subjective logic},
  author={{\v{S}}kori{\'c}, Boris and de Hoogh, Sebastiaan JA and Zannone, Nicola},
  journal={International Journal of Information Security},
  volume={15},
  number={4},
  pages={381--402},
  year={2016},
  publisher={Springer}
}

@inproceedings{safe_uncer,
  title={Towards safe deep learning: accurately quantifying biomarker uncertainty in neural network predictions},
  author={Eaton-Rosen, Zach and Bragman, Felix and Bisdas, Sotirios and Ourselin, S{\'e}bastien and Cardoso, M Jorge},
  booktitle={International Conference on Medical Image Computing and Computer-Assisted Intervention},
  pages={691--699},
  year={2018},
  organization={Springer}
}

@article{weight_loss,
  title={The real-world-weight cross-entropy loss function: Modeling the costs of mislabeling},
  author={Ho, Yaoshiang and Wookey, Samuel},
  journal={IEEE Access},
  volume={8},
  pages={4806--4813},
  year={2019},
  publisher={IEEE}
}

@article{weight_loss2,
  title={Resolving class imbalance in object detection with weighted cross entropy losses},
  author={Phan, Trong Huy and Yamamoto, Kazuma},
  journal={arXiv preprint arXiv:2006.01413},
  year={2020}
}

@inproceedings{fl_attack,
  title={Comprehensive privacy analysis of deep learning: Passive and active white-box inference attacks against centralized and federated learning},
  author={Nasr, Milad and Shokri, Reza and Houmansadr, Amir},
  booktitle={2019 IEEE symposium on security and privacy (SP)},
  pages={739--753},
  year={2019},
  organization={IEEE}
}

@inproceedings{calib1,
  title={Measuring Calibration in Deep Learning.},
  author={Nixon, Jeremy and Dusenberry, Michael W and Zhang, Linchuan and Jerfel, Ghassen and Tran, Dustin},
  booktitle={CVPR Workshops},
  volume={2},
  number={7},
  year={2019}
}

@article{temp,
  title={Unsupervised Temperature Scaling: An Unsupervised Post-Processing Calibration Method of Deep Networks},
  author={Mozafari, Azadeh Sadat and Gomes, Hugo Siqueira and Le{\~a}o, Wilson and Gagn{\'e}, Christian},
  journal={arXiv preprint arXiv:1905.00174},
  year={2019}
}

@article{temp2,
  title={Unsupervised Temperature Scaling: Robust Post-processing Calibration for Domain Shift},
  author={Mozafari, Azadeh Sadat and Gomes, Hugo Siqueira and Gagne, Christian},
  year={2019}
}

@inproceedings{calib2,
  title={On calibration of modern neural networks},
  author={Guo, Chuan and Pleiss, Geoff and Sun, Yu and Weinberger, Kilian Q},
  booktitle={International Conference on Machine Learning},
  pages={1321--1330},
  year={2017},
  organization={PMLR}
}

@article{uncer_opt,
  title={Optimization under uncertainty: state-of-the-art and opportunities},
  author={Sahinidis, Nikolaos V},
  journal={Computers \& Chemical Engineering},
  volume={28},
  number={6-7},
  pages={971--983},
  year={2004},
  publisher={Elsevier}
}

@article{uncer_baseline,
  title={A simple baseline for bayesian uncertainty in deep learning},
  author={Maddox, Wesley J and Izmailov, Pavel and Garipov, Timur and Vetrov, Dmitry P and Wilson, Andrew Gordon},
  journal={Advances in Neural Information Processing Systems},
  volume={32},
  pages={13153--13164},
  year={2019}
}

@article{confidence2,
  title={Attribution-based confidence metric for deep neural networks},
  author={Jha, Susmit and Raj, Sunny and Fernandes, Steven and Jha, Sumit Kumar and Jha, Somesh and Jalaian, Brian and Verma, Gunjan and Swami, Ananthram},
  year={2019}
}

@inproceedings{confidence3,
  title={Learning for single-shot confidence calibration in deep neural networks through stochastic inferences},
  author={Seo, Seonguk and Seo, Paul Hongsuck and Han, Bohyung},
  booktitle={Proceedings of the IEEE/CVF Conference on Computer Vision and Pattern Recognition},
  pages={9030--9038},
  year={2019}
}

@article{confidence4,
  title={Confidence estimation in deep neural networks via density modelling},
  author={Subramanya, Akshayvarun and Srinivas, Suraj and Babu, R Venkatesh},
  journal={arXiv preprint arXiv:1707.07013},
  year={2017}
}

@article{confidence5,
  title={Deep confidence: a computationally efficient framework for calculating reliable prediction errors for deep neural networks},
  author={Cort{\'e}s-Ciriano, Isidro and Bender, Andreas},
  journal={Journal of chemical information and modeling},
  volume={59},
  number={3},
  pages={1269--1281},
  year={2018},
  publisher={ACS Publications}
}

@article{ensemble,
  title={Simple and scalable predictive uncertainty estimation using deep ensembles},
  author={Lakshminarayanan, Balaji and Pritzel, Alexander and Blundell, Charles},
  journal={arXiv preprint arXiv:1612.01474},
  year={2016}
}

@article{mincut,
  title={A simple min-cut algorithm},
  author={Stoer, Mechthild and Wagner, Frank},
  journal={Journal of the ACM (JACM)},
  volume={44},
  number={4},
  pages={585--591},
  year={1997},
  publisher={ACM New York, NY, USA}
  }

@article{hcs,
  title={A clustering algorithm based on graph connectivity},
  author={Hartuv, Erez and Shamir, Ron},
  journal={Information processing letters},
  volume={76},
  number={4-6},
  pages={175--181},
  year={2000},
  publisher={Elsevier}
}

@inproceedings{batchnorm1,
  title={Batch normalization: Accelerating deep network training by reducing internal covariate shift},
  author={Ioffe, Sergey and Szegedy, Christian},
  booktitle={International conference on machine learning},
  pages={448--456},
  year={2015},
  organization={PMLR}
}

@article{batchnorm2,
  title={How does batch normalization help optimization?},
  author={Santurkar, Shibani and Tsipras, Dimitris and Ilyas, Andrew and Madry, Aleksander},
  journal={Advances in neural information processing systems},
  volume={31},
  year={2018}
}

@article{batchrenorm,
  title={Batch renormalization: Towards reducing minibatch dependence in batch-normalized models},
  author={Ioffe, Sergey},
  journal={Advances in neural information processing systems},
  volume={30},
  year={2017}
}

@article{cronbach,
  title={Coefficient alpha and the internal structure of tests},
  author={Cronbach, Lee J},
  journal={psychometrika},
  volume={16},
  number={3},
  pages={297--334},
  year={1951},
  publisher={Springer}
}

@article{minibatch1,
  title={Revisiting small batch training for deep neural networks},
  author={Masters, Dominic and Luschi, Carlo},
  journal={arXiv preprint arXiv:1804.07612},
  year={2018}
}

%%%%%%%%%%%%%%%%%%%%%%%%%%%%%%%%%%%%%%%%%%%%%%%%%%%%%%





